@PHDTHESIS{Jan10,
  author =       {Mikol\'{a}\v{s} Janota},
  title =        {{SAT} Solving in Interactive Configuration},
  school =       {University College Dublin},
  year =         {2010},
  month =        {November}
}



@article{LMZ09,
  title={From one solution of a 3-satisfiability formula to a solution cluster: frozen variables and entropy, 2009},
  author={Kang Li and Hui Ma and Haijun Zhou},
  journal={Physical Review E},
  volume={79},
  pages={031102},
  year ={2009}
}


@article{Par02,
  title={On local equilibrium equations for clustering states},
  author={Parisi, Giorgio},
  journal={Technique Report cs.cc/0212047},
  year={2002},
}
@article{Jon75,
  author    = {Donald B. Johnson},
  title     = {Finding All the Elementary Circuits of a Directed Graph},
  journal   = {Society for Industrial and Applied Mathematics Journal on Computing},
  volume    = {4},
  number    = {1},
  pages     = {77--84},
  year      = {1975},
}

@article{JLM15,
  author    = {Mikol{\'{a}}s Janota and n{\^{e}}s Lynce and  Joao Marques-Silva},
  title     = {Algorithms for computing backbones of propositional formulae},
  journal   = {{AI} Communitactions},
  volume    = {28},
  number    = {2},
  pages     = {161--177},
  year      = {2015}
}

@article{BD99,
  title={Length of prime implicants and number of solutions of random CNF formulae},
  author={Boufkhad, Y. and Dubois, O.},
  journal={Theoretical Computer Science},
  volume={215},
  number={1¨C2},
  pages={1-30},
  year={1999},
}

@inproceedings{ZWSM11,
  title={{SAT}-based techniques for determining backbones for post-silicon fault localisation},
  author={Charlie Shucheng Zhu and Georg Weissenbacher and Divjyot Sethi and Sharad Malik},
  booktitle={IEEE International High Level Design Validation and Test Workshop},
  pages={84-91},
  year={2011},
}
@inproceedings{ZWM11,
  author    = {Charlie Shucheng Zhu and
               Georg Weissenbacher and
               Sharad Malik},
  title     = {Post-silicon fault localisation using maximum satisfiability and backbones},
  booktitle = {International Conference on Formal Methods in Computer-Aided Design},
  pages     = {63--66},
  year      = {2011}
}

@inproceedings{MINISAT,
  title={An extensible {SAT}-solver},
  author={E{\'e}n, Niklas and Sf{\"o}rensson, Niklas},
  booktitle={International conference on theory and applications of satisfiability testing},
  pages={502--518},
  year={2003},
  organization={Springer}
}

@article{BCJ2001,
  title={The scaling window of the 2-{SAT} transition},
  author={Bollob{\'a}s, B{\'e}la and Borgs, Christian and Chayes, Jennifer T and Kim, Jeong Han and Wilson, David B},
  journal={Random Structures \& Algorithms},
  volume={18},
  number={3},
  pages={201--256},
  year={2001},
  publisher={Wiley Online Library}
}

@inproceedings{KPJ2005,
  title={Backbones and backdoors in satisfiability},
  author={Kilby, Philip and Slaney, John and Thi{\'e}baux, Sylvie and Walsh, Toby and others},
  booktitle={Proceedings of the Twentieth Association for the Advancement of Artificial Intelligence (AAAI-2005)},
  volume={5},
  pages={1368--1373},
  year={2005}
}

@inproceedings{WTS2001,
  title={Backbones in optimization and approximation},
  author={Walsh, Toby and Slaney, John},
  booktitle={Proceedings of the Seventeenth International Joint Conference on Artificial Intelligence (IJCAI-01)},
  year={2001}
}

@inproceedings{ZWR2003,
  title={Backbone guided local search for maximum satisfiability},
  author={Zhang, Weixiong and Rangan, Ananda and Looks, Moshe},
  booktitle={Proceedings of the Nighteenth International Joint Conference on Artificial Intelligence (IJCAI-03)},
  pages={1179--1186},
  year={2003},
  organization={Citeseer}
}

@inproceedings{ZWL2005,
  title={A novel local search algorithm for the traveling salesman problem that exploits backbones},
  author={Zhang, Weixiong and Looks, Moshe},
  booktitle={IJCAI},
  pages={343--350},
  year={2005}
}

@inproceedings{MK2002,
  title={Applying {SAT} methods in unbounded symbolic model checking},
  author={Ken L. McMillan},
  booktitle={International Conference on Computer Aided Verification},
  pages={250--264},
  year={2002},
  organization={Springer}
}

@inproceedings{RSF2004,
  title={Minimal assignments for bounded model checking},
  author={Ravi, Kavita and Somenzi, Fabio},
  booktitle={International Conference on Tools and Algorithms for the Construction and Analysis of Systems},
  pages={31--45},
  year={2004},
  organization={Springer}
}

@inproceedings{MPA2015,
  title={Literal-based MCS extraction},
  author={Carlos Menc{\i}a and Alessandro Previti and Joao Marques-Silva},
  booktitle={Proceedings of the Twenty-fourth International Joint Conference on Artificial Intelligence (IJCAI-15)},
  volume={15},
  pages={1973--1979},
  year={2015}
}

@book{jampel1996over,
  title={Over-constrained systems},
  author={Jampel, Michael and Freuder, Eugene},
  year={1996},
  publisher={Springer Science \& Business Media}
}

@article{CJG2001,
  title={Frozen development in graph coloring},
  author={Culberson, Joseph and Gent, Ian},
  journal={Theoretical computer science},
  volume={265},
  number={1},
  pages={227--264},
  year={2001},
  publisher={Elsevier}
}

@inproceedings{DD2001,
  title={A backbone-search heuristic for efficient solving of hard 3-SAT formulae},
  author={Olivier Dubois and Gilles Dequen},
  booktitle={Proceedings of the Seventeenth International Joint Conference on Artificial Intelligence (IJCAI-01)},
  volume={1},
  pages={248--253},
  year={2001}
}

@inproceedings{KPS2005,
  title={The backbone of the travelling salesperson},
  author={Kilby, Philip and Slaney, John and Walsh, Toby and others},
  booktitle={Proceedings of the Nineteenth  venteenth International Joint Conference on Artificial Intelligence (IJCAI-05)},
  pages={175--180},
  year={2005}
}

@inproceedings{MM2005,
  title={A two-phase backbone-based search heuristic for partial MAX-{SAT}--an initial investigation},
  author={Mena{\"\i}, Mohamed El Bachir},
  booktitle={International Conference on Industrial, Engineering and Other Applications of Applied Intelligent Systems},
  pages={681--684},
  year={2005},
  organization={Springer}
}

@inproceedings{MMBM2005,
  title={A backbone-based co-evolutionary heuristic for partial MAX-{SAT}},
  author={Mena{\"\i}, Mohamed El Bachir and Batouche, Mohamed},
  booktitle={International Conference on Artificial Evolution (Evolution Artificielle)},
  pages={155--166},
  year={2005},
  organization={Springer}
}

@inproceedings{MJML2010,
  title={On Computing Backbones of Propositional Theories},
  author={Joao Marques-Silva and Mikol{\'a}s Janota and In{\^e}s Lynce},
  booktitle={Proceedings of European Association for Artificial Intelligence ({ECAI})},
  volume={215},
  pages={15--20},
  year={2010}
}

@inproceedings{GIWT194,
  title={The {SAT} phase transition},
  author={Gent, Ian P and Walsh, Toby},
  booktitle={Proceedings of European Association for Artificial Intelligence ({ECAI})},
  volume={94},
  pages={105--109},
  year={1994}
}

@article{MAR2007,
  title={Solving constraint satisfaction problems through belief propagation-guided decimation},
  author={Montanari, Andrea and Ricci-Tersenghi, Federico and Semerjian, Guilhem},
  journal={arXiv preprint arXiv:0709.1667},
  year={2007}
}

@article{SBK1993,
  title={Local search strategies for satisfiability testing},
  author={Selman, Bart and Kautz, Henry and Cohen, Bram and others},
  journal={Cliques, coloring, and satisfiability: Second DIMACS implementation challenge},
  volume={26},
  pages={521--532},
  year={1993},
  publisher={Cliques, coloring, and satisfiability: Second DIMACS implementation challenge}
}

@inproceedings{NZW2015,
  title={{SATGraf}: Visualizing the Evolution of {SAT} Formula Structure in Solvers},
  author={Newsham, Zack and Lindsay, William and Ganesh, Vijay and Liang, Jia Hui and Fischmeister, Sebastian and Czarnecki, Krzysztof},
  booktitle={International Conference on Theory and Applications of Satisfiability Testing},
  pages={62--70},
  year={2015},
  organization={Springer}
}

@inproceedings{NZG2014,
  title={Impact of community structure on {SAT} solver performance},
  author={Newsham, Zack and Ganesh, Vijay and Fischmeister, Sebastian and Audemard, Gilles and Simon, Laurent},
  booktitle={International Conference on Theory and Applications of Satisfiability Testing},
  pages={252--268},
  year={2014},
  organization={Springer}
}

@inproceedings{LJG2015SAT,
  title={{SAT}-based analysis of large real-world feature models is easy},
  author={Liang, Jia Hui and Ganesh, Vijay and Czarnecki, Krzysztof and Raman, Venkatesh},
  booktitle={Proceedings of the 19th International Conference on Software Product Line},
  pages={91--100},
  year={2015},
  organization={ACM}
}

@inproceedings{LJG015,
  title={Understanding VSIDS branching heuristics in conflict-driven clause-learning {SAT} solvers},
  author={Liang, Jia Hui and Ganesh, Vijay and Zulkoski, Ed and Zaman, Atulan and Czarnecki, Krzysztof},
  booktitle={Haifa Verification Conference},
  pages={225--241},
  year={2015},
  organization={Springer}
}

@article{IMM2016,
  title={On computing minimal independent support and its applications to sampling and counting},
  author={Ivrii, Alexander and Malik, Sharad and Meel, Kuldeep S and Vardi, Moshe Y},
  journal={Constraints},
  volume={21},
  number={1},
  pages={41--58},
  year={2016},
  publisher={Springer}
}




@inproceedings{KST2005
  title={Backbones and backdoors in satisfiability},
  author={Kilby, Philip and Slaney, John and Thi{\'e}baux, Sylvie and Walsh, Toby and others},
  booktitle={Proceedings of the Twentieth National Conference on Artificial Intelligence (AAAI-05)},
  volume={5},
  pages={1368--1373},
  year={2005}
}

@inproceedings{CZ2002,
  title={Searching for backbones and fat: A limit-crossing approach with applications},
  author={Sharlee Climer and Weixiong Zhang},
  booktitle={Proceedings of the Eighteenth National Conference on Artificial Intelligence (AAAI-02) /Proceedings of the Fourteenth Innovative Applications of Artificial Intelligence Conference on Artificial Intelligence (IAAI-02) },
  pages={707--712},
  year={2002}
}

@inproceedings{KKW2001,
  title={Detecting inadmissible and necessary variables in large propositional formulae},
  author={Andreas Kaiser and Wolfgang K{\"u}chlin},
  booktitle={University of Siena},
  year={2001},
  organization={Citeseer}
}
@inproceedings{JLMS12,
  title={Experimental analysis of backbone computation algorithms},
  author={Mikol{\'a}{\v{s}} Janota and In{\^e}s Lynce and Joao Marques-Silva},
  booktitle={International Workshop on Experimental Evaluation of Algorithms for solving problems with combinatorial explosion (RCRA)},
  pages={15--20},
  year={2012}
}
@article{MZKST99,
  title={Determining computational complexity from characteristic ¡®phase transitions¡¯},
  author={R{\'e}mi Monasson and Riccardo Zecchina and Scott Kirkpatrick and Bart Selman and Lidror Troyansky},
  journal={Nature},
  volume={400},
  number={6740},
  pages={133--137},
  year={1999},
  publisher={Nature Publishing Group}
}

@inproceedings{WS2001,
  title={Backbones in optimization and approximation},
  author={Walsh, Toby and Slaney, John},
  booktitle={Proceedings of the Seventeenth International Joint Conference on Artificial Intelligence (IJCAI-01)},
  year={2001}
}
